% BibTeX database for the paper london2021.tex
%% bibtexfile{
%% author    =  "Vlad Patryshev ",
%% version   =  "1",
%% date      =  "October  10, 2020",
%% filename  =  "london2021.bib"
%%}

@book{bartosz,
	author	  =	"Milewski,B.",
	title	  =	"Category Theory for Programmers",
	year	  =	2018,
	howpublished =   "On the WWW",
    note      = "\verb+https://github.com/hmemcpy/milewski-ctfp-pdf/releases/download/v0.6.0/category-theory-for-programmers.pdf+"	
}

@book{pierce,
	author	  =	"Pierce,B.C.",
	title	  =	"Basic Category Theory for Computer Scientists
(Foundations of Computing)",
	publisher =	"The MIT Press",
	address	  =	"Reading, MA",
	year	  =	1991}

@misc{repo,
	author	=	"Patryshev,V.",
	title	=	"Categories in Scala",
	note    =	"\verb+https://github.com/vpatryshev/Categories+",
	year	=	2020
}

@misc{nlab1,
    author  = "nLab",
	title	=	"Subobject Classifier",
	note =	"\verb+https://ncatlab.org/nlab/show/subobject+classifier+",
	year	=	2008
}


@book{tt,
	author	  =	"Johnstone,P.T.",
	title	 =	"Topos Theory",
	publisher =	"Academic Press",
	year	 =	1977
}

@book{sheaves,
	author    =	"MacLane,S. and Moerdijk,I.",
	title	  =	"Sheaves in Geometry and Logic: A First Introduction to Topos Theory",
	publisher =	"Springer",
	year	  =	1992}


@book{brief,
	author    =	"Patryshev,V.",
	title	  =	"A Brief Course in Modern Math for Programmers
",
	publisher =	"lcpress",
	note      = "\verb+https://gumroad.com/l/lcbk02+",
	year	  =	2019}

@book{lamp,
	author    =	"Lamport,L.",
	title	  =	"Specifying Systems",
	publisher =	"Pearson Education",
	note      = "\verb+https://lamport.azurewebsites.net/tla/book.html+",
	year	  =	2003}
	
@article{ctgd,
    author =       "Patryshev, V.",
    title =        "On the Grothendieck Topologies in the
Toposes of Presheaves",
    journal =      "Cahiers de topologie et géométrie différentielle catégoriques",
    volume =       "25",
    number =       "2",
    pages =        "207--215",
    year =         "1984"
}

